<?xml version="1.0" encoding="UTF-8"?><collection xmlns="http://www.loc.gov/MARC21/slim"><record><leader>00569nam--2200181-i-4500</leader><controlfield tag="001">000046546</controlfield><controlfield tag="002">20161230</controlfield><controlfield tag="005">20161230201046</controlfield><controlfield tag="008">060222s1000------------r-----000-0-fre-d</controlfield><datafield ind1=" " ind2=" " tag="040"><subfield code="a">IFIN-HH</subfield></datafield><datafield ind1=" " ind2=" " tag="041"><subfield code="a">fre</subfield></datafield><datafield ind1=" " ind2=" " tag="080"><subfield code="a">539.143.43(043):547(043)</subfield></datafield><datafield ind1="1" ind2=" " tag="100"><subfield code="a">Vincendon,Marc</subfield></datafield><datafield ind1="1" ind2="0" tag="245"><subfield code="a">Aplication de la resonance magnetique nucleaire a haute champs a l`etude de la chimie des polyscharides</subfield><subfield code="b">These</subfield><subfield code="c">Marc vincendon</subfield></datafield><datafield ind1=" " ind2=" " tag="260"><subfield code="a">Greoble</subfield><subfield code="b">Universite Scientifique Et Medicale</subfield><subfield code="c">1972</subfield></datafield><datafield ind1=" " ind2=" " tag="300"><subfield code="a">114 P</subfield></datafield><datafield ind1=" " ind2=" " tag="852"><subfield code="a">42163</subfield><subfield code="c">539.143.43</subfield></datafield><datafield ind1=" " ind2=" " tag="CAT"><subfield code="a">Sys</subfield><subfield code="c">20120509</subfield><subfield code="h">131659</subfield></datafield></record></collection>